@misc{container_vs_vm,
  author = {Jenny Fong},
  title = {Are Containers Replacing Virtual Machines?},
  howpublished = {\url{https://blog.docker.com/2018/08/containers-replacing-virtual-machines/}},
  year = 2018,
}

@misc{kubernetes_architecture,
  author = {Ashish Patel},
  title = {Kubernetes â€” Architecture Overview},
  howpublished = {\url{https://link.medium.com/NA3s1GzMRAb}},
  year = 2021,
}

@misc{demystifying-kube-proxy,
  author = {Mayank Shah},
  title = {Demystifying kube-proxy},
  howpublished = {\url{https://mayankshah.dev/blog/demystifying-kube-proxy/}},
  year = 2021,
}

@misc{tigera-ipvs,
  author = {Alex Pollitt},
  title = {Comparing kube-proxy modes: iptables or IPVS?},
  howpublished = {\url{https://www.tigera.io/blog/comparing-kube-proxy-modes-iptables-or-ipvs/}},
  year = 2019,
}